@book{Kasiski:1863,
	author		= {Kasiski, Friedrich Wilhelm},
	title		= {Die Geheimschriften und die Dechiffrir-Kunst},
	publisher	= {Mittler \& Sohn},
	year		= {1863},
	location	= {Berlin},
	language	= {German},
}

@book{Friedman:1922,
	author		= {Friedman, William Frederick},
	title		= {The Index of Coincidence and Its Applications in Cryptology},
	publisher	= {Riverbank Laboratories},
	year		= {1922},
	location	= {Geneva, Illinois, USA},
	language	= {English},
}

@article{Hill:1929,
	title		= {Cryptography in an Algebraic Alphabet},
	author		= {Hill, Lester Sanders},
	journal		= {The American Mathematical Monthly},
	year		= {1929},
	volume		= {36},
	number		= {6},
	month		= {jun},
	pages		= {306--312},
	publisher	= {Mathematical Association of America},
	doi		= {10.2307/2298294},
	language	= {English},
}

@article{Hill:1931,
	title		= {Concerning Certain Linear Transformation Apparatus of Cryptography},
	author		= {Hill, Lester Sanders},
	journal		= {The American Mathematical Monthly},
	year		= {1931},
	volume		= {38},
	number		= {3},
	month		= {mar},
	pages		= {135--154},
	publisher	= {Mathematical Association of America},
	doi		= {10.2307/2300969},
	language	= {English},
}

@article{Shannon:1948:MTCa,
	author		= {Shannon, Claude Elwood},
	title		= {A Mathematical Theory of Communication},
	journal		= {The Bell System Technical Journal},
	publisher	= {Alcatel-Lucent},
	volume		= {27},
	number		= {3},
	pages		= {379--423},
	month		= {jul},
	year		= {1948},
	issn		= {0005-8580},
	doi		= {10.1002/j.1538-7305.1948.tb01338.x},
	language	= {English},
}

@Article{Shannon:1948:MTCb,
	author		= {Shannon, Claude Elwood},
	title		= {A Mathematical Theory of Communication (continued)},
	journal		= {The Bell System Technical Journal},
	publisher	= {Alcatel-Lucent},
	volume		= {27},
	number		= {4},
	pages		= {623--656},
	month		= {oct},
	year		= {1948},
	issn		= {0005-8580},
	doi		= {10.1002/j.1538-7305.1948.tb00917.x},
	language	= {English},
}

@Article{Shannon:1949:CTS,
	author		= {Shannon, Claude Elwood},
	title		= {Communication Theory of Secrecy Systems},
	journal		= {The Bell System Technical Journal},
	publisher	= {Alcatel-Lucent},
	volume		= {28},
	number		= {4},
	pages		= {656--715},
	month		= {oct},
	year		= {1949},
	CODEN		= {BSTJAN},
	ISSN		= {0005-8580},
	note		= {A footnote on the initial page says: ``The material in this paper appeared in a confidential report, `A Mathematical Theory of Cryptography', dated Sept.~1, 1946, which has now been declassified.''.},
	doi		= {10.1002/j.1538-7305.1949.tb00928.x},
	language	= {English},
}

@article{Selberg:1949,
	author		= {Selberg, Atle},
	title		= {An Elementary Proof of the Prime-Number Theorem},
	journal		= {Annals of Mathematics},
	volume		= {50},
	number		= {2},
	month		= {apr},
	year		= {1949},
	pages		= {305--313},
	doi		= {10.2307/1969455},
	language	= {English},
}

@inproceedings{Lehmer:1951:1,
	author		= {Lehmer, Derrick Henry},
	title		= {Mathematical Methods in Large-Scale Computing Units},
	booktitle	= {Proceedings of a Second Symposium on Large-Scale Digital Calculating Machinery, 1949},
	pages		= {141--146},
        year		= {1951},
	publisher	= {Harvard University Press},
	address		= {Cambridge, Mass.},
	language	= {English},
}

@article{Lehmer:1951:2,
	author		= {Lehmer, Derrick Henry},
	title		= {Mathematical Methods in Large-Scale Computing Units},
	journal		= {Annals of the Computation Laboratory of Harvard University},
        year		= {1951},
	volume		= {26},
        pages		= {141--146},
	language	= {English},
}

@article{Shannon:1951,
	author		= {Shannon, Claude Elwood},
	title		= {Prediction and Entropy of Printed English},
	journal		= {The Bell System Technical Journal},
	volume		= {30},
	month		= {jan},
	year		= {1951},
	pages		= {50--64},
	issn		= {0005-8580},
	doi		= {10.1002/j.1538-7305.1951.tb01366.x},
	language	= {English},
}

@article{Lebedev:1958,
	author		= {Лебедев, Дмитрий Савельевич and Гармаш, Виктор Алексеевич},
	title		= {О возможности увеличения скорости передачи телеграфных сообщений},
	journal 	= {Электросвязь},
	number		= {1},
	year		= {1958},
	pages		= {68--69},
	language	= {Russian},
}

@book{Shannon:1963,
	author		= {Шеннон, Клод},
	title		= {Работы по теории информации и кибернетике},
	editor		= {Добрушина, Р. Л. and Лупанова, О. Б.},
	year		= {1963},
	publisher	= {Издательство иностранной литературы},
	address		= {М.},
	pagetotal	= {830},
	language	= {Russian},
}

@book{Neumann:1966,
	author		= {Neumann, John Von},
	editor		= {Burks, Arthur W.},
	title		= {Theory of Self-Reproducing Automata},
	year		= {1966},
	publisher	= {University of Illinois Press},
	address		= {Champaign, IL, USA},
	pagetotal	= {388},
	isbn		= {0-252-72733-9},
	language	= {English},
}

@book{Neumann:1971,
	author		= {Нейман, Джон фон},
	editor		= {Варшавского, В. И.},
	translator	= {Стефанюка, В. Л.},
	title		= {Теория самовоспроизводящихся автоматов},
	year		= {1971},
	publisher	= {Мир},
	address		= {М.},
	pagetotal	= {384},
	language	= {Russian},
}

@inproceedings{Shanks:1971,
	author		= {Shanks, Daniel},
	title		= {Class Number, a Theory of Factorization, and Genera},
	booktitle	= {1969 Number Theory Institute (Proc. Sympos. Pure Math.)},
	editor		= {Lewis, Donald J.},
	publisher	= {American Mathematical Society},
	volume		= {XX},
	pages		= {415--440},
	pagetotal	= {451},
	address		= {Providence, R.I.},
	year		= {1971},
	month		= {jun},
	isbn		= {0-8218-1420-6},
	language	= {English},
}

@article{Feistel:1973,
	author		= {Feistel, Horst},
	title		= {Cryptography and Computer Privacy},
	journal		= {Scientific American},
	volume		= {228},
	number		= {5},
	pages		= {15--23},
	month		= {may},
	year		= {1973},
	doi		= {10.1038/scientificamerican0573-15},
	issn		= {0036-8733 (print), 1946-7087 (electronic)},
	issn-l		= {0036-8733},
	keywords	= {code security; computer privacy; cryptography},
	remark		= {Survey of cryptography for data bases.},
	language	= {English},
}

@techreport{Bell:LaPadula:1973,
	author		= {Bell, David Elliott and LaPadula, Leonard John},
	day		= {1},
	institution	= {MITRE Corporation},
	journal		= {Technical Report 2547},
	keywords	= {security},
	location	= {Massachusetts},
	month		= {mar},
	posted-at	= {2010-06-01 20:09:01},
	priority	= {2},
	title		= {Secure Computer Systems: Mathematical Foundations},
	volume		= {I},
	year		= {1973},
	url		= {http://www.albany.edu/acc/courses/ia/classics/belllapadula1.pdf},
}

@techreport{Bell:LaPadula:1976,
	abstract	= {A unified narrative exposition of the ESD/MITRE computer security model is presented. A suggestive interpretation of the model in the context of Multics and a discussion of several other important topics (such as communications paths, sabotage and integrity) conclude the report. A full, formal presentation of the model is included in the Appendix.},
	author		= {Bell, David Elliott and LaPadula, Leonard John},
	institution	= {The MITRE Corporation},
	keywords	= {1976, bell-lapadula, multics, security, system},
	number		= {ESD-TR-75-306},
	posted-at	= {2008-10-29 17:50:16},
	priority	= {3},
	title		= {Secure Computer System: Unified Exposition and MULTICS Interpretation},
	url		= {http://csrc.nist.gov/publications/history/bell76.pdf},
	year		= {1976}
}

@ARTICLE{Diffie:Hellman:1976,
	author		= {Diffie, Whitfield and Hellman, Martin Edward},
	journal		= {Information Theory, IEEE Transactions on},
	title		= {New directions in cryptography},
	year		= {1976},
	month		= {nov},
	volume		= {22},
	number		= {6},
	pages		= {644--654},
	keywords	= {Cryptography;Application software;Communication system security;Computer aided instruction;Computer networks;Costs;Hardware;Information theory;Postal services;Public key cryptography;Telecommunication computing},
	doi		= {10.1109/TIT.1976.1055638},
	ISSN		= {0018-9448},
	language	= {English},
}

@inproceedings{Miller:1975,
	author		= {Miller, Gary Lee},
	title		= {Riemann's Hypothesis and Tests for Primality},
	booktitle	= {Proceedings of Seventh Annual ACM Symposium on Theory of Computing},
	series		= {STOC '75},
	year		= {1975},
	location	= {Albuquerque, New Mexico, USA},
	pages		= {234--239},
	numpages	= {6},
	publisher	= {ACM},
	address		= {New York, NY, USA},
	doi		= {10.1145/800116.803773},
	language	= {English},
}

@article{Miller:1976,
	author		= {Miller, Gary Lee},
	title		= {Riemann's Hypothesis and Tests for Primality},
	journal		= {Journal of Computer and System Sciences},
	year		= {1976},
	month		= {December},
	volume		= {13},
	number		= {3},
	pages		= {300--317},
	doi		= {10.1016/S0022-0000(76)80043-8},
	language	= {English},
}

@article{RSA:1978,
	author		= {Rivest, Ronald Linn and Shamir, Adi and Adleman, Leonard Max},
	title		= {A Method for Obtaining Digital Signatures and Public-Key Cryptosystems},
	journal		= {Communications of the ACM},
	address		= {New York, NY, USA},
	publisher	= {ACM},
	year		= {1978},
	volume		= {21},
	issue		= {2},
	pages		= {120--126},
	doi		= {10.1145/359340.359342},
	language	= {English},
}

@article{Shamir:1979,
	author		= {Shamir, Adi},
	title		= {How to Share a Secret},
	journal		= {Communications of the ACM},
	volume		= {22},
	number		= {11},
	month		= nov,
	year		= {1979},
	issn		= {0001-0782},
	pages		= {612--613},
	numpages	= {2},
	doi		= {10.1145/359168.359176},
	publisher	= {ACM},
	address		= {New York, NY, USA},
	language	= {English},
}

@book{Aho:1979,
	author		= {Ахо, Альфред and Ульман, Джеффри and Хопкрофт, Джон},
	title		= {Построение и анализ вычислительных алгоритмов},
	translator	= {Слисенко, А. О.},
	editor		= {Матиясевича, Ю. В.},
	location	= {М.},
	publisher	= {Мир},
	year		= {1979},
	language	= {Russian},
}

@phdthesis{Merkle:1979,
	author		= {Merkle, Ralph Charles},
	title		= {Secrecy, Authentication, and Public Key Systems},
	year		= {1979},
	url		= {http://www.merkle.com/papers/Thesis1979.pdf},
	publisher	= {Stanford University},
	school		= {Stanford University},
	address		= {Stanford, CA, USA},
	language	= {English},
}

@article{Blackley:1979,
	author		= {Blakley, George Robert},
	title		= {Safeguarding Cryptographic Keys},
	journal		= {Managing Requirements Knowledge, International Workshop on},
	year		= {1979},
	pages		= {313—317},
	doi		= {10.1109/AFIPS.1979.98},
	publisher	= {IEEE Computer Society},
	address		= {Los Alamitos, CA, USA},
}

@article{Rabin:1980,
	author		= {Rabin, Michael Oser},
	title		= {Probabilistic Algorithm for Testing Primality},
	journal		= {Journal of Number Theory},
	volume		= {12},
	number		= {1},
	pages		= {128--138},
	year		= {1980},
	issn		= {0022-314X},
	doi		= {10.1016/0022-314X(80)90084-0},
	language	= {English},
}

@inproceedings{Yao:1982,
	author		= {Yao, Andrew Chi-Chih},
	title		= {Theory and Applications of Trapdoor Functions (Extended Abstract)},
	booktitle	= {Foundations of Computer Science, 1982. SFCS '08. 23rd Annual Symposium on },
	pages		= {80--91},
	publisher	= {IEEE Computer Society},
	doi		= {10.1109/SFCS.1982.45},
	year		= {1982},
	issn		= {0272-5428},
	language	= {English},
}

@inproceedings{ElGamal:1985,
	author		= {El Gamal, Taher},
	title		= {A Public Key Cryptosystem and a Signature Scheme Based on Discrete Logarithms},
	booktitle	= {Proceedings of CRYPTO 84 on Advances in Cryptology},
	address		= {New York, NY, USA},
	location	= {Santa Barbara, California, USA},
	publisher	= {Springer-Verlag New York, Inc.},
	year		= {1985},
	pages		= {10--18},
	numpages	= {9},
	isbn		= {0-387-15658-5},
	url		= {http://dl.acm.org/citation.cfm?id=19478.19480},
	language	= {English},
}

@inproceedings{Blom:1984,
	author		= {Blom, Rolf},
	title		= {An Optimal Class of Symmetric Key Generation Systems},
	booktitle	= {Proc. Of the EUROCRYPT 84 Workshop on Advances in Cryptology: Theory and Application of Cryptographic Techniques},
	location	= {Paris, France},
	address		= {New York, NY, USA},
	publisher	= {Springer-Verlag New York, Inc.},
	year		= {1985},
	isbn		= {0-387-16076-0},
	pages		= {335--338},
	numpages	= {4},
	doi		= {10.1007/3-540-39757-4_22},
	language	= {English},
}

@incollection{Blom:1985,
	author		= {Blom, Rolf},
	title		= {An Optimal Class of Symmetric Key Generation Systems},
	booktitle	= {Advances in Cryptology},
	volume		= {209},
	editor		= {Beth, Thomas and Cot, Norbert and Ingemarsson, Ingemar},
	publisher	= {Springer Berlin Heidelberg},
	year		= {1985},
	series		= {Lecture Notes in Computer Science},
	pages		= {335--338},
	isbn		= {978-3-540-16076-2},
	doi		= {10.1007/3-540-39757-4_22},
	language	= {English}
}

@manual{DOD-5200.28-STD,
	title		= {Department of Defense Trusted Computer System Evaluation Criteria},
	organization	= {Department of Defense},
	year		= {1985},
	month		= {dec},
	day		= {26},
	note		= {DOD 5200.28-STD (supersedes CSC-STD-001-83)},
	url		= {http://csrc.nist.gov/publications/history/dod85.pdf},
}

@incollection{Miller:1986,
	author		= {Miller, Victor Saul},
	title		= {Use of Elliptic Curves in Cryptography},
	booktitle	= {Advances in Cryptology},
	volume		= {218},
	year		= {1986},
	editor		= {Williams, HughC.},
	publisher	= {Springer Berlin Heidelberg},
	series		= {Lecture Notes in Computer Science},
	pages		= {417--426},
	isbn		= {978-3-540-16463-0},
	doi		= {10.1007/3-540-39799-X_31},
	language	= {English}
}

@inproceedings{EichinRochlis:1988,
	author		= {Eichin, Mark W. and Rochlis, Jon A.},
	title		= {With Microscope and Tweezers: An Analysis of the Internet Virus of November 1988},
	booktitle	= {IEEE Symposium on Security and Privacy},
	year		= {1988},
	month		= {feb},
	pages		= {326--343},
	day 		= {9},
	publisher	= {IEEE Computer Society},
	isbn 		= {0-8186-1939-2},
	doi		= {10.1109/SECPRI.1989.36307},
	language	= {English},
}

@article{Kaliski:Rivest:Sherman:1988,
	author		= {Kaliski, Burton S. Jr. and Rivest, Ronald L. and Sherman, Alan T.},
	title		= {Is the Data Encryption Standard a group? (Results of cycling experiments on DES)},
	journal		= {Journal of Cryptology},
	publisher	= {Springer-Verlag},
	year		= {1988},
	volume		= {1},
	number		= {1},
	pages		= {3--36},
	issn		= {0933-2790},
	doi		= {10.1007/BF00206323},
	language	= {English},
}

@article{Spafford:1989,
	author		= {Spafford, Eugene Howard},
	title		= {The Internet Worm Program: An Analysis},
	journal		= {SIGCOMM Comput. Commun. Rev.},
	issue_date	= {Jan. 1989},
	volume 		= {19},
	number		= {1},
	month		= {jan},
	year		= {1989},
	issn		= {0146-4833},
	pages		= {17--57},
	numpages	= {41},
	publisher	= {ACM},
	address		= {New York, NY, USA},
	doi		= {10.1145/66093.66095},
	language	= {English},
}

@reference{GOST-89,
	title		= {Системы обработки информации. Защита криптографическая. Алгоритм криптографического преобразования},
	media		= {text},
	subtitle	= {ГОСТ 28147-89},
	specdata	= {Введ. 01.07.90},
	location	= {М.},
	publisher	= {Издательство стандартов},
	year		= {1989},
	pagetotal	= {28},
	series		= {Государственный стандарт Союза ССР},
	url		= {http://protect.gost.ru/document.aspx?control=7&id=139177},
	language	= {Russian},
}

@article{Bach:1990,
	author		= {Bach, Eric},
	title		= {Explicit Bounds for Primality Testing and Related Problems},
	journal		= {Mathematics of Computation},
	volume		= {55},
	year		= {1990},
	pages		= {355--380},
	number		= {191},
	doi		= {10.1090/S0025-5718-1990-1023756-8},
	language	= {English},
}

@inproceedings{Merkle:1990,
	author		= {Merkle, Ralph Charles},
	title		= {A Certified Digital Signature},
	booktitle	= {Proceedings of the 9th Annual International Cryptology Conference on Advances in Cryptology},
	series		= {CRYPTO '89},
	year		= {1990},
	isbn		= {3-540-97317-6},
	pages		= {218--238},
	numpages	= {21},
	doi		= {10.1007/0-387-34805-0_21},
	publisher	= {Springer-Verlag},
	address		= {London, UK, UK},	
	language	= {English},
}

@inproceedings{Damgard:1990,
	author		= {Damgård, Ivan Bjerre},
	title		= {A Design Principle for Hash Functions},
	booktitle	= {Proceedings of the 9th Annual International Cryptology Conference on Advances in Cryptology},
	series		= {CRYPTO '89},
	year		= {1990},
	isbn		= {3-540-97317-6},
	pages		= {416--427},
	numpages	= {12},
	doi		= {10.1007/0-387-34805-0_39},
	publisher	= {Springer-Verlag},
	address		= {London, UK, UK},
	language	= {English},
}

@incollection{Girault:1990,
	author		= {Girault, Marc},
	title		= {An Identity-based Identification Scheme Based on Discrete Logarithms Modulo a Composite Number},
	booktitle	= {Advances in Cryptology — EUROCRYPT ’90},
	editor		= {Damgård, Ivan Bjerre},
	volume		= {473},
	year		= {1991},
	publisher	= {Springer Berlin Heidelberg},
	pages		= {481--486},
	series		= {Lecture Notes in Computer Science},
	isbn		= {978-3-540-53587-4},
	doi		= {10.1007/3-540-46877-3_44},
	language	= {English}
}

@incollection{Brickell:1990,
	author		= {Brickell, Ernest Francis},
	title		= {Some Ideal Secret Sharing Schemes},
	booktitle	= {Advances in Cryptology -- EUROCRYPT ’89},
	volume		= {434},
	editor		= {Quisquater, Jean-Jacques and Vandewalle, Joos},
	publisher	= {Springer Berlin Heidelberg},
	year		= {1990},
	series		= {Lecture Notes in Computer Science},
	pages		= {468--475},
	issn		= {0302-9743},
	isbn		= {978-3-540-53433-4},
	doi		= {10.1007/3-540-46885-4_45},
	language	= {English}
}

@incollection{Girault:1991,
	author		= {Girault, Marc},
	title		= {Self-Certified Public Keys},
	booktitle	= {Advances in Cryptology — EUROCRYPT ’91},
	editor		= {Davies, Donald W.},
	volume		= {547},
	year		= {1991},
	publisher	= {Springer Berlin Heidelberg},
	pages		= {490--497},
	series		= {Lecture Notes in Computer Science},
	isbn		= {978-3-540-54620-7},
	doi		= {10.1007/3-540-46416-6_42},
	language	= {English}
}

@incollection{Campbell:Wiener:1993,
	author		= {Campbell, Keith W. and Wiener, Michael J.},
	title		= {DES is not a Group},
	booktitle	= {Advances in Cryptology — CRYPTO’ 92},
	editor		= {Brickell, ErnestF.},
	year		= {1993},
	volume		= {740},
	series		= {Lecture Notes in Computer Science},
	publisher	= {Springer Berlin Heidelberg},
	pages		= {512--520},
	doi		= {10.1007/3-540-48071-4_36},
	isbn		= {978-3-540-57340-1},
	language	= {English}
}

@reference{GOST-94,
	title		= {Информационная технология. Криптографическая защита информации. Функция хэширования},
	media		= {text},
	subtitle	= {ГОСТ Р 34.11-94},
	specdata	= {Введ. 01.01.1995},
	location	= {М.},
	publisher	= {Издательство стандартов},
	year		= {1994},
	pagetotal	= {16},
	series		= {Государственный стандарт Российской Федерации},
	url		= {http://protect.gost.ru/document.aspx?control=7&id=134550},
	language	= {Russian},
}

@MISC{Entacher:1997,
	author		= {Entacher, Karl},
	title		= {A Collection of Selected Pseudorandom Number Generators with Linear Structures},
	year		= {1997},
	language	= {English},
}

@misc{html4:1999,
	author		= {Raggett, Dave and Hors, Arnaud Le and Jacobs, Ian},
	file 		= {HTML 4.01 Specification.pdf:HTML 4.01 Specification.pdf:PDF},
	howpublished	= {W3C Recommendation},
	month		= {dec},
	title 		= {HTML 4.01 Specification},
	url 		= {http://www.w3.org/TR/html4},
	year 		= 1999,
	language	= {English},
}

@article{Kiwi:1999,
	author		= {Киви, Берд},
	title		= {О процессе принятия AES},
	journal		= {Компьютерра},
	year		= {1999},
	month		= {dec},
	number  	= {49},
	issn		= {1815-2198},
	url		= {http://kiwibyrd.chat.ru/aes/aes2.htm},
	language	= {Russian},
}

@reference{GOST-2001,
	title		= {Криптографическая защита информации. Процессы формирования и проверки электронной цифровой подписи},
	media		= {text},
	subtitle	= {ГОСТ Р 34.10-2001},
	specdata	= {Взамен ГОСТ Р 34.10-94, введ. 01.07.2002},
	location	= {М.},
	publisher	= {ИПК Издательство стандартов},
	year		= {2001},
	pagetotal	= {16},
	series		= {Государственный Стандарт Российской Федерации},
	url		= {http://protect.gost.ru/document.aspx?control=7&id=131131},
	language	= {Russian},
}

@book{Totty:2002,
	author		= {Totty, Brian and Gourley, David and Sayer, Marjorie and Aggarwal, Anshu and Reddy, Sailu},
	title		= {Http: The Definitive Guide},
	year		= {2002},
	isbn		= {1-56592-509-2},
	publisher	= {O'Reilly \& Associates, Inc.},
	address		= {Sebastopol, CA, USA},
	language	= {English},
}

@misc{FIPS-PUB-197,
	title		= {FIPS PUB 197 Federal Information Processing Standards Publication. Advanced Encryption Standard (AES)},
	note		= {U.S.Department of Commerce/National Institute of Standards and Technology},
	year		= {2001},
	month		= {nov},
	url		= {http://csrc.nist.gov/publications/fips/fips197/fips-197.pdf},
	language	= {English},
}

@book{AlZKCh:2001,
	author		= {Алферов, Александр Павлович and Зубов, Анфтолий Юрьевич and Кузьмин, Алексей Сергеевич and Черемушкин, Александр Васильевич},
	title		= {Основы криптографии. Учебное пособие},
	year		= {2001},
	publisher	= {Гелиос АРВ},
	address		= {М.},
	pagetotal	= {480},
	isbn		= {5-85438-137-0},
	language	= {Russian},
}

@book{Knuth:2001:2,
	author		= {Кнут, Дональд Эрвин},
	year		= {2001},
	title		= {Искусство программирования, том 2. Получисленные методы, 3-е изд.},
	publisher	= {Вильямс},
	pagetotal	= {832},
	isbn		= {5-8459-0081-6},
	language	= {English},
}

@book{Knuth:2001:3,
	author		= {Кнут, Дональд Эрвин},
	year		= {2001},
	title		= {Искусство программирования, том 3. Сортировка и поиск., 3-е изд.},
	publisher	= {Вильямс},
	pagetotal	= {800},
	language	= {English},
}

@techreport{NIST:2001,
	author		= {Rukhin, Andrew and Soto, Juan and Nechvatal, James and Smid, Miles amd Barker, Elaine and Leigh, Stefan and Levenson, Mark and Vangel, Mark and Banks, David and Heckert, Alan Dray, James and Vo, San},
	year		= {2001},
	month		= {may},
	day		= {15},
	institution	= {Booz Allen \& Hamilton},
	journal		= {NIST Special Publication 800-22 (with revisions dated May 15, 2001)},
	location	= {McLean, VA},
	title		= {A Statistical Test Suite for Random and Pseudorandom Number Generators for Cryptographic Applications},
	url		= {http://csrc.nist.gov/publications/nistpubs/800-22-rev1a/SP800-22rev1a.pdf},
}

@book{Bucknall:2001,
	author		= {Bucknall, Julian},
	title		= {The Tomes of Delphi},
	subtitle	= {Algorithms and Data Structures},
	year		= {2001},
	publisher	= {Wordware Publishing},
	pagetotal	= {525},
	isbn		= {978-1-55622-736-3},
	language	= {English},
}

@incollection{Fluhrer:Mantin:Shamir:2001,
	year		= {2001},
	isbn		= {978-3-540-43066-7},
	booktitle	= {Selected Areas in Cryptography},
	volume		= {2259},
	series		= {Lecture Notes in Computer Science},
	editor		= {Vaudenay, Serge and Youssef, AmrM.},
	doi		= {10.1007/3-540-45537-X_1},
	title		= {Weaknesses in the Key Scheduling Algorithm of RC4},
	publisher	= {Springer Berlin Heidelberg},
	author		= {Fluhrer, Scott and Mantin, Itsik and Shamir, Adi},
	pages		= {1--24},
	language	= {English}
}

@article{aks:2002,
	author		= {Agrawal, Manindra and Kayal, Neeraj and Saxena, Nitin},
	title		= {PRIMES is in P},
	journal		= {Annals of Mathematics},
	year		= {2002},
	volume		= {160},
	number		= {2},
	pages		= {781--793},
	doi		= {10.4007/annals.2004.160.781},
	language	= {English},
}

@article{Golomb:2002,
	author		= {Golomb, Solomon and Berlekamp, Elwyn R. and Cover, Thomas M. and Gallager, Robert G. and Massey, James L. and Viterbi, Andrew J.},
	title		= {Claude Elwood Shannon (1916~--~2001)},
	journal		= {Notices of the American Mathematical Society},
	year		= {2002},
	number		= {January},
	pages		= {8--16},
	url		= {http://www.ams.org/notices/200201/fea-shannon.pdf},
	language	= {English},
}

@book{Schneier:2002,
	author		= {Шнайер, Брюс},
	title		= {Прикладная криптография. Протоколы, алгоритмы, исходные тексты на языке Си},
	year		= {2002},
	publisher	= {Триумф},
	address		= {М.},
	pagetotal	= {816},
	isbn		= {5-89392-055-4},
	language	= {Russian},
}

@incollection{Mantin:Shamir:2002,
	year		= {2002},
	isbn		= {978-3-540-43869-4},
	booktitle	= {Fast Software Encryption},
	volume		= {2355},
	series		= {Lecture Notes in Computer Science},
	editor		= {Matsui, Mitsuru},
	doi		= {10.1007/3-540-45473-X_13},
	title		= {A Practical Attack on Broadcast RC4},
	publisher	= {Springer Berlin Heidelberg},
	author		= {Mantin, Itsik and Shamir, Adi},
	pages		= {152--164},
	language	= {English}
}

@book{Mak:2003,
	author		= {Mak, Ronald},
	title		= {Java Number Cruncher},
	subtitle	= {The Java Programmer's Guide to Numerical Computing},
	year		= {2003},
	publisher	= {Prentice Hall Professional},
	pagetotal	= {480},
	isbn		= {978-0-13-046041-7},
	language	= {English},
}

@misc{MS-VBRAND:2004,
	year		= {2004},
	title		= {INFO: How Visual Basic Generates Pseudo-Random Numbers for the RND Function},
	subtitle	= {Article ID: 231847},
	publisher	= {Microsoft},
	url		= {http://support.microsoft.com/ru-ru/kb/231847/en-us},
	language	= {English},
}

@INPROCEEDINGS{WangYu:2005,
	author		= {Wang, Xiaoyun and Yu, Hongbo},
	title		= {How to Break MD5 and Other Hash Functions},
	booktitle	= {Proceedings of the 24th Annual International Conference on Theory and Applications of Cryptographic Techniques},
	year		= {2005},
	publisher	= {Springer-Verlag},
	series		= {EUROCRYPT'05},
	location	= {Aarhus, Denmark},
	address		= {Berlin, Heidelberg},
	pages		= {19--35},
	numpages	= {17},
	isbn		= {978-3-540-25910-7},
	doi		= {10.1007/11426639_2},
	language	= {English},
}

@reference{GOST-2005,
	title		= {Информационная технология. Техническая защита информации. Основные термины и определения},
	media		= {text},
	subtitle	= {ГОСТ Р 50.1.056-2005},
	specdata	= {Введ. 01.01.2006},
	location	= {М.},
	year		= {2005},
	publisher	= {Стандартинформ},
	pagetotal	= {13},
	series		= {Государственный стандарт Российской Федерации},
	language	= {Russian},
}

@misc{rfc4301,
	author		= {Kent, Stephen and Seo, Karen},
	title		= {Security Architecture for the Internet Protocol},
	series		= {Request for Comments},
	number		= {4301},
	howpublished	= {RFC 4301 (Proposed Standard)},
	publisher	= {IETF},
	organization	= {Internet Engineering Task Force},
	year		= {2005},
	month		= {dec},
	note		= {Updated by RFC 6040},
	url		= {http://www.ietf.org/rfc/rfc4301.txt},
	language	= {English},
}

@misc{rfc4306,
	author		= {Kaufman, Charlie},
	title		= {Internet Key Exchange (IKEv2) Protocol},
	series		= {Request for Comments},
	number		= {4306},
	howpublished	= {RFC 4306 (Proposed Standard)},
	publisher	= {IETF},
	organization	= {Internet Engineering Task Force},
	year		= {2005},
	month		= {dec},
	note		= {Obsoleted by RFC 5996, updated by RFC 5282},
	url		= {http://www.ietf.org/rfc/rfc4306.txt},
	language	= {English},
}

@book{Knuth:2005,
	author		= {Knuth, Donald Ervin},
	title		= {The Art of Computer Programming, Volume 1, Fascicle 1: MMIX -- A RISC Computer for the New Millennium (Art of Computer Programming)},
	year		= {2005},
	isbn		= {978-0-201-85392-6},
	publisher	= {Addison-Wesley Professional},
	language	= {English},
}

@incollection{FL-2006-149,
	year		= {2006},
	title		= {Об информации, информатизации и защите информации: Фед. закон РФ от 27.07.2006 № 149-ФЗ},
	booktitle	= {Собрание законодательства РФ. №31 (ч. 1). Ст. 3448},
	language	= {Russian},
}

@misc{jdbc:2006,
	title		= {JSR-000221 JDBC 4.0},
	author		= {Andersen, Lance},
	howpublished 	= {Java Community Process specification},
	url		= {http://jcp.org/aboutJava/communityprocess/final/jsr221/index.html},
	year		= {2006},
	language	= {English},
}

@book{Brittain:Darwin:2007,
	author		= {Brittain, Jason and Darwin, Ian F.},
	title		= {Tomcat -- The Definitive Guide: Vital Information for Tomcat Programmers and Administrators: Tomcat 6.0 (2. ed.).},
	keywords	= {dblp},
	pages		= {I--XVI, 1--476},
	publisher	= {O'Reilly},
	year		= {2007},
	isbn		= {978-0-596-10106-0},
	language	= {English},
}

@book{GabPil:2007,
	author		= {Габидулин, Эрнст Мухамедович and Пилипчук, Нина Ивановна},
	year		= {2007},
	title		= {Лекции по теории информации: учебное пособие},
	publisher	= {МФТИ},
	address		= {М.},
	pagetotal	= {214},
	isbn		= {5-7417-0197-3},
	language	= {Russian},
}

@book{Press:2007,
	author		= {Press, William H. and Teukolsky, Saul A. and Vetterling, William T. and Flannery, Brian P.},
	title		= {Numerical Recipes 3rd Edition: The Art of Scientific Computing},
	year		= {2007},
	isbn		= {978-0-521-88068-8},
	edition		= {3},
	publisher	= {Cambridge University Press},
	address		= {New York, NY, USA},
	language	= {English},
}

@incollection{Paul:Maitra:2007,
	year		= {2007},
	isbn		= {978-3-540-77359-7},
	booktitle	= {Selected Areas in Cryptography},
	volume		= {4876},
	series		= {Lecture Notes in Computer Science},
	editor		= {Adams, Carlisle and Miri, Ali and Wiener, Michael},
	doi		= {10.1007/978-3-540-77360-3_23},
	title		= {Permutation After RC4 Key Scheduling Reveals the Secret Key},
	publisher	= {Springer Berlin Heidelberg},
	keywords	= {Bias; Cryptanalysis; Key Scheduling; Permutation; RC4; Stream Cipher},
	author		= {Paul, Goutam and Maitra, Subhamoy},
	pages		= {360--377},
	language	= {English}
}

@article{Vinberg:2008,
	author		= {Винберг, Эрнест Борисович},
	title		= {Малая теорема Ферма и ее обобщения},
	journal		= {Матем. просв.},
	year		= {2008},
	address		= {М.},
	publisher	= {Изд-во МЦНМО},
	issue		= {12},
	pages		= {43--53},
	url		= {http://mi.mathnet.ru/mp238},
	language	= {Russian}
}

@misc{MS-NLMP,
	year		= {2009},
	title		= {NT LAN Manager (NTLM) Authentication Protocol},
	subtitle	= {MS-NLMP},
	publisher	= {Microsoft},
	language	= {English},
}

@article{Martinez:Encinas:Avila:2010,
	author		= {Martínez, Víctor Gayoso and Encinas, Luis Hernandez and Ávila, Carmen Sánchez},
	title		= {A Survey of the Elliptic Curve Integrated Encryption Scheme},
	journal		= {Journal of Computer Science and Engineering},
	year		= {2010},
	volume		= {2},
	issue		= {2},
	month		= {Aug},
	pages		= {7--12},
	url		= {http://hdl.handle.net/10261/32671},
	language	= {English}
}

@book{Gultyaeva:2010,
	author		= {Гультяева, Татьяна Александровна},
	year		= {2010},
	title		= {Основы теории информации и криптографии},
	address		= {Новосибирск},
	publisher	= {Издательство НГТУ},
	pagetotal	= {88},
	isbn		= {978-5-7782-1425-5},
	language	= {Russian},
}

@book{Crandall:Pomerance:2011,
	author		= {Крэндалл, Ричард and Померанс, Карл},
	title		= {Простые числа: Криптографические и вычислительные аспекты},
	translator	= {Бегунца, А. В. and Вегнера, Я. В. and Кнотько, В. В. and Преображенского, С. Н. and Сергеева, И. С.},
	editor		= {Чубарикова, В. Н.},
	address		= {М.},
	publisher	= {УРСС: Книжный дом <<ЛИБРОКОМ>>},
	year		= {2011},
	pagetotal	= {664},
	language	= {Russian},
}

@book{Schneier:2011,
	author		= {Schneier, Bruce},
	year		= {2011},
	title		= {Secrets and Lies: Digital Security in a Networked World},
	publisher	= {John Wiley \& Sons},
	pagetotal	= {448},
	isbn		= {978-1-118-08227-0},
	language	= {English},
}

@incollection{Sepehrdad:Vaudenay:Vuagnoux:2011,
	author		= {Sepehrdad, Pouyan and Vaudenay, Serge and Vuagnoux, Martin},
	year		= {2011},
	isbn		= {978-3-642-19573-0},
	booktitle	= {Selected Areas in Cryptography},
	volume		= {6544},
	series		= {Lecture Notes in Computer Science},
	editor		= {Biryukov, Alex and Gong, Guang and Stinson, DouglasR.},
	doi		= {10.1007/978-3-642-19574-7_5},
	title		= {Discovery and Exploitation of New Biases in RC4},
	publisher	= {Springer Berlin Heidelberg},
	pages		= {74--91},
	language	= {English},
}

@book{Sirca:Horvat:2012,
	author		= {Sirca, Simon and Horvat, Martin},
	year		= {2012},
	title		= {Computational Methods for Physicists},
	subtitle	= {Compendium for Students},
	publisher	= {Springer Science \& Business Media},
	pagetotal	= {735},
	isbn		= {978-3-64232478-9},
	language	= {English},
}

@techreport{NIST:SP800:57,
	author		= {Barker, Elaine and Barker, William and Burr, William and Polk, William and Smid, Miles},
	year		= {2012},
	month		= {July},
	address		= {Gaithersburg},
	institution	= {National Institute of Standards {and} Technology ({NIST})},
	type		= {{NIST} Special Publication 800-57, revised},
	title		= {Recommendation for Key Management – Part 1: General (Revision 3)},
	url		= {http://csrc.nist.gov/publications/nistpubs/800-57/sp800-57_part1_rev3_general.pdf},
}

@misc{FIPS-PUB-186-4,
	author		= {Kerry, Cameron Forbes and Gallagher, Patrick David},
	title		= {FIPS PUB 186-4 Federal Information Processing Standards Publication. Digital Signature Standard (DSS)},
	year		= {2013},
	url		= {http://nvlpubs.nist.gov/nistpubs/FIPS/NIST.FIPS.186-4.pdf},
	language	= {English},
}

@misc{rfc7230,
	author		= {Fielding, Roy and Reschke, Julian},
	title		= {Hypertext Transfer Protocol (HTTP/1.1): Message Syntax and Routing},
	series		= {Request for Comments},
	number		= {7230},
	howpublished	= {RFC 7230 (Proposed Standard)},
	publisher	= {IETF},
	organization	= {Internet Engineering Task Force},
	year		= {2014},
	month		= {jun},
	url		= {http://www.ietf.org/rfc/rfc7230.txt},
	language	= {English},
}

@misc{rfc7465,
	author		= {Popov, Andrei},
	title		= {Prohibiting RC4 Cipher Suites},
	series		= {Request for Comments},
	number		= {7465},
	howpublished	= {RFC 7465 (Proposed Standard)},
	publisher	= {IETF},
	organization	= {Internet Engineering Task Force},
	year		= {2015},
	month		= {feb},
	url		= {http://www.ietf.org/rfc/rfc7465.txt},
	language	= {English},
}
